@ARTICLE{Whidden2020-qt,
title = "Systematic Exploration of the High Likelihood Set of Phylogenetic Tree Topologies",
author = "Whidden, Chris and Claywell, Brian C and Fisher, Thayer and Magee, Andrew F and Fourment, Mathieu and Matsen IV, Frederick A",
journal = "Syst. Biol.",
volume =  69,
number =  2,
pages = "280--293",
month =  mar,
year =  2020,
url = "http://dx.doi.org/10.1093/sysbio/syz047",
language = "en",
issn = "1063-5157, 1076-836X",
pmid = "31504997",
doi = "10.1093/sysbio/syz047"
}


@ARTICLE{GP,
title = "A topology-marginal composite likelihood via a generalized phylogenetic pruning algorithm",
author = "Jun, Seong-Hwan and Nasif, Hassan and Jennings-Shaffer, Chris and Rich, David H. and Kooperberg, Anna and Fourment, Mathieu and Zhang, Cheng and Suchard, Marc A. and Matsen, Frederick A.",
journal = "Algorithms for Molecular Biology",
year = 2023,
vol = 18,
number = 1,
url = "https://doi.org/10.1186/s13015-023-00235-1"
}


